<?xml version="1.0" encoding="UTF-8"?><record xmlns="http://www.loc.gov/MARC21/slim" xmlns:cinclude="http://apache.org/cocoon/include/1.0" xmlns:zs="http://www.loc.gov/zing/srw/">
  <leader>00756cz  a2200169n  4500</leader>
  <controlfield tag="001">no 97011317 </controlfield>
  <controlfield tag="003">DLC</controlfield>
  <controlfield tag="005">20130314094428.0</controlfield>
  <controlfield tag="008">970221n| azannaab           |a aaa     c</controlfield>
  <datafield tag="010" ind1=" " ind2=" ">
    <subfield code="a">no 97011317 </subfield>
  </datafield>
  <datafield tag="035" ind1=" " ind2=" ">
    <subfield code="a">(OCoLC)oca04276692</subfield>
  </datafield>
  <datafield tag="040" ind1=" " ind2=" ">
    <subfield code="a">PPi-MA</subfield>
    <subfield code="b">eng</subfield>
    <subfield code="e">rda</subfield>
    <subfield code="c">PPi-MA</subfield>
    <subfield code="d">DLC</subfield>
  </datafield>
  <datafield tag="100" ind1="1" ind2=" ">
    <subfield code="a">Morago, Estêvão Lopes,</subfield>
    <subfield code="d">active 1590-1630.</subfield>
    <subfield code="t">Livro da Coresma.</subfield>
    <subfield code="p">Commissa mea</subfield>
  </datafield>
  <datafield tag="400" ind1="1" ind2=" ">
    <subfield code="a">Morago, Estêvão Lopes,</subfield>
    <subfield code="d">active 1590-1630.</subfield>
    <subfield code="t">Commissa mea</subfield>
  </datafield>
  <datafield tag="400" ind1="1" ind2=" ">
    <subfield code="w">nnea</subfield>
    <subfield code="a">Morago, Estêvão Lopes,</subfield>
    <subfield code="d">fl. 1590-1630.</subfield>
    <subfield code="t">Livro da Coresma.</subfield>
    <subfield code="p">Commissa mea</subfield>
  </datafield>
  <datafield tag="670" ind1=" " ind2=" ">
    <subfield code="a">Pro Cantione Antiqua. Voces angelicae [SR] 1993, p1981:</subfield>
    <subfield code="b">insert (Commissa mea)</subfield>
  </datafield>
  <datafield tag="670" ind1=" " ind2=" ">
    <subfield code="a">Morago, E.L. Várias obras de música religiosa "a cappella", 1961:</subfield>
    <subfield code="b">p. 35 (Commissa mea; from Livro comum; motet)</subfield>
  </datafield>
</record>